<record><leader>00000cas a22000007a 4500</leader><controlfield tag="001">31283908</controlfield><controlfield tag="008">941014d19071908okuwr ne      0    0eng d</controlfield><datafield ind1=" " ind2=" " tag="010"><subfield code="a">sn 94061243 </subfield></datafield><datafield ind1=" " ind2=" " tag="040"><subfield code="a">OBN</subfield><subfield code="b">eng</subfield><subfield code="c">OBN</subfield><subfield code="d">OCL</subfield><subfield code="d">OCLCQ</subfield><subfield code="d">OCLCO</subfield></datafield><datafield ind1="1" ind2=" " tag="029"><subfield code="a">AU@</subfield><subfield code="b">000011305896</subfield></datafield><datafield ind1=" " ind2=" " tag="042"><subfield code="a">msc</subfield></datafield><datafield ind1=" " ind2=" " tag="043"><subfield code="a">n-us-ok</subfield></datafield><datafield ind1="0" ind2="4" tag="245"><subfield code="a">The Square-dealer and the Shattuck homesteader.</subfield></datafield><datafield ind1="1" ind2="3" tag="246"><subfield code="a">Square-dealer</subfield></datafield><datafield ind1=" " ind2=" " tag="260"><subfield code="a">Shattuck, Okla. :</subfield><subfield code="b">Shattuck Pub. Co.</subfield></datafield><datafield ind1=" " ind2=" " tag="300"><subfield code="a">v.</subfield></datafield><datafield ind1=" " ind2=" " tag="310"><subfield code="a">Weekly</subfield></datafield><datafield ind1="0" ind2=" " tag="362"><subfield code="a">Vol. 1, no. 1 = v. 4, no. 32 (May 16, 1907)-v. 2, no. 21 =v. 5, no. 52 (Oct. 1, 1908).</subfield></datafield><datafield ind1=" " ind2="0" tag="651"><subfield code="a">Shattuck (Okla.)</subfield><subfield code="v">Newspapers.</subfield></datafield><datafield ind1=" " ind2="0" tag="651"><subfield code="a">Ellis County (Okla.)</subfield><subfield code="v">Newspapers.</subfield></datafield><datafield ind1=" " ind2=" " tag="752"><subfield code="a">United States</subfield><subfield code="b">Oklahoma</subfield><subfield code="c">Ellis</subfield><subfield code="d">Shattuck.</subfield></datafield><datafield ind1="0" ind2="0" tag="780"><subfield code="t">Shattuck homesteader</subfield><subfield code="w">(DLC)sn 94061242</subfield><subfield code="w">(OCoLC)31283871</subfield></datafield><datafield ind1="0" ind2="0" tag="785"><subfield code="t">Square-dealer (Shattuck, Okla. : 1908)</subfield><subfield code="w">(DLC)sn 94061244</subfield><subfield code="w">(OCoLC)31283947</subfield></datafield></record>